<record><leader>00000cas a22000007a 4500</leader><controlfield tag="001">24279861</controlfield><controlfield tag="008">910823d18uu1883ohuwr ne      0    0eng d</controlfield><datafield ind1=" " ind2=" " tag="010"><subfield code="a">sn 91069785 </subfield></datafield><datafield ind1=" " ind2=" " tag="040"><subfield code="a">ONP</subfield><subfield code="b">eng</subfield><subfield code="c">ONP</subfield><subfield code="d">OCLCQ</subfield></datafield><datafield ind1=" " ind2=" " tag="042"><subfield code="a">msc</subfield></datafield><datafield ind1="0" ind2=" " tag="130"><subfield code="a">Sabina news (Sabina, Ohio : 1880)</subfield></datafield><datafield ind1="1" ind2="4" tag="245"><subfield code="a">The Sabina news.</subfield></datafield><datafield ind1=" " ind2=" " tag="260"><subfield code="a">Sabina, Ohio :</subfield><subfield code="b">W.H. Sanders,</subfield><subfield code="c">-1883.</subfield></datafield><datafield ind1=" " ind2=" " tag="300"><subfield code="a">v.</subfield></datafield><datafield ind1=" " ind2=" " tag="310"><subfield code="a">Weekly</subfield></datafield><datafield ind1="0" ind2=" " tag="362"><subfield code="a">-v. 6, no. 46 (Feb. 8, 1883).</subfield></datafield><datafield ind1=" " ind2=" " tag="588"><subfield code="a">Description based on: Vol. 4, no. 38 (Dec. 9, 1880).</subfield></datafield><datafield ind1=" " ind2=" " tag="752"><subfield code="a">United States</subfield><subfield code="b">Ohio</subfield><subfield code="c">Clinton</subfield><subfield code="d">Sabina.</subfield></datafield><datafield ind1="0" ind2="0" tag="785"><subfield code="t">Sabina weekly news</subfield><subfield code="w">(DLC)sn 91069784</subfield></datafield></record>